% Encoding: UTF-8

@Misc{IPKS,
  author    = {WinfWiki},
  title     = {{Internationale Produktklassifikationssysteme im Ãœberblick}},
  year      = {2017},
  note      = {[Online; version vom 28-Mai-2017]},  timestamp = {2017-05-28},
  url       = {http://winfwiki.wi-fom.de/index.php?title=Internationale_Produktklassifikationssysteme_im_%C3%9Cberblick&oldid=126274#Vergleich_der_Klassifikationssysteme},
}

@Comment{jabref-meta: databaseType:bibtex;}
